852 1200
324 61 419 83 Oktober
427 60 482 80 2023

355 201 483 222 Hoofdgerecht

210 230 303 247 Kalfshaas/
315 229 347 245 met
359 228 436 248 groenten
443 225 498 245 ragout
510 227 530 239 en
537 221 579 238 stoof
586 221 610 240 jus

575 275 584 276 En

318 267 410 285 Ingrediënten
416 267 449 278 voor
455 264 471 277 10
478 264 546 280 personen

88 270 99 292 LE

316 288 380 300 Groenten

719 267 732 268 5
773 248 776 298 |

107 290 163 306 alfshaas
169 302 170 306 ;

555 298 563 310 6
568 282 614 309 dtend
621 295 625 306 1
633 294 644 306 dl
650 292 680 305 rode
685 293 711 303 wijn

89 302 90 323 |
99 313 103 325 1
111 312 177 324 kalfshaas

317 307 324 319 3
330 306 386 318 sjalotten,
397 305 401 316 1
409 302 479 318 knolselder,
488 301 495 313 5

555 316 562 328 4
568 315 624 327 sjalotjes
630 311 655 324 100
660 313 674 325 ar
679 309 714 321 boter
719 306 761 319 beetje

317 325 367 339 bospeer

90 335 91 353 |
99 331 143 345 Peper,
149 329 181 343 zout,
188 327 235 343 olijfolie

319 344 323 355 1
331 342 409 355 bleekselder
415 340 430 352 10
435 339 462 352 kriel
468 337 497 350 aard

546 335 548 353 |
555 334 593 346 water

318 362 325 374 2
331 361 366 374 sjalot
372 360 379 372 3
384 360 395 372 dl
401 362 434 371 room

310 381 311 414 |

93 407 94 426 |

94 431 95 438 L

311 415 312 432 |

95 459 175 474 Werkwijze:

97 478 169 490 Kalfshaas

680 476 723 487 meren

123 501 128 507 «

149 495 216 508 Kalfshaas
221 494 270 506 schoon
276 492 320 504 maken
326 491 366 502 hierval

380 488 419 500 kleine
424 486 467 501 biefjes
472 484 519 499 snijden
525 483 581 497 peperen
586 482 602 491 en
607 478 654 490 zouten
660 478 679 488 insí

149 514 199 529 olijfolie.

575 516 613 529 ‚dan
618 518 634 529 op
640 516 665 526 een
671 512 704 527 rekje

124 539 130 545 .

150 534 184 546 Deze
190 531 234 546 biefjes
239 530 242 543 l

243 531 255 543 et
260 533 276 544 op
285 529 294 541 ff
299 528 338 543 grillen
344 529 365 541 per
372 526 375 538 5
383 525 417 537 stuks
423 526 433 536 in
438 525 462 535 een
467 524 497 533 zeer
502 520 531 532 hete
536 521 560 534 pan
566 520 574 529 e

150 552 195 566 leggen,

125 576 130 581 «

150 571 185 582 Later
190 569 198 581 ff
203 568 223 581 5/6
229 570 253 580 min
259 567 264 578 1

267 566 283 578 50
288 565 335 581 graden
340 564 414 575 verwarmen
420 560 433 575 bij
439 560 459 571 het
464 559 494 570 door
499 559 539 572 geven

100 607 168 620 Groenten
173 608 191 617 en

126 630 132 636 «_
151 624 189 640 Sjalot
195 623 243 635 schoon
249 621 294 633 maken
299 622 315 631 en
320 618 339 633 fijn
344 618 409 631 snipperen,

152 643 181 656 Knol
187 642 229 654 selder
234 641 245 652 in
250 640 308 652 brunoise
313 637 364 651 snijden.

152 660 232 674 Bleekselder
237 658 287 671 schillen

293 660 309 669 en
315 659 325 668 in
330 655 388 667 brunoise
397 652 444 667 snijden,

531 666 571 682 getjes
577 664 629 679 snijden.

152 681 184 694 ‘Aard
190 683 200 692 in
206 679 245 691 kleine
251 677 303 689 kwarten
309 674 355 690 snijden
360 672 417 686 worteltje

422 670 471 683 schillen
477 671 492 680 en
498 670 508 679 in
514 670 530 679 rin

152 700 199 712 Groent

200 701 216 711 en
221 697 256 712 apart
261 695 336 708 blancheren
341 693 387 705 daarna
392 691 423 702 door
427 689 468 701 elkaar
473 689 527 702 mengen.

153 720 193 731 Room
199 717 239 729 koken
244 716 269 727 met
274 714 309 729 sjalot
314 713 330 725 tot
335 712 351 724 de
355 711 391 726 juiste
396 709 427 721 dikte.

153 739 171 750 Nu
177 738 193 749 de
199 739 232 749 room
238 735 269 747 door
273 733 290 745 de
295 732 354 747 groenten
359 732 380 742 met

381 731 413 743 ngen.

320 751 383 764 Joorgeven

388 748 462 759 verwarmen
468 747 478 756 in
484 744 500 756 de
505 745 537 755 oven
543 742 550 753 8
556 741 610 753 minuten

153 756 216 769 Groenten
222 757 238 769 op
244 752 287 765 schaal
293 751 306 766 bij
312 750 319 762 d

152 776 184 788 ‘Aard
191 774 231 787 koken
236 775 252 785 en
258 775 268 783 in
274 770 310 783 vocht
315 770 326 781 lat

326 770 347 781 ten
352 767 408 780 afkoelen
414 765 438 777 ook
443 764 473 776 door
477 763 493 775 de
498 762 558 777 groenten
564 762 619 774 mengen,

126 649 134 807 |

154 796 181 807 Hoe
186 795 233 806 mooier
238 792 254 803 de
259 790 319 805 groenten
324 786 390 803 gesneden
395 787 417 800 zijn
423 784 446 796 des

451 784 463 795 te
469 784 515 794 mooier
520 781 540 793 het
546 779 608 792 resultaat.

104 833 139 845 Saus
144 834 170 843 van
175 829 215 845 sjalot
219 828 262 840 /room
267 826 295 838 met
299 824 343 839 sjalot:

129 855 134 861 «_
154 849 213 865 Sjalotten
218 847 267 859 schoon
273 844 318 856 maken

321 862 335 877 ijn
340 864 356 873 en
362 860 378 872 de
383 859 437 875 sjalotjes
442 857 459 870 tot
464 857 480 869 de
485 855 513 868 helft
519 854 571 867 inkoken,

129 874 135 880 .

155 867 217 881 Kalfsfond
223 866 248 878 met
253 865 269 877 de
275 863 305 876 rode
309 865 320 874 wi

130 893 135 899 «

155 888 182 900 Hier
187 887 217 899 later
222 885 242 897 net
247 886 277 896 voor
282 883 303 895 het
308 881 335 896 opdi

336 883 369 893 lenen
374 879 391 891 de
396 878 431 890 boter
435 877 456 889 toe
460 877 510 890 voegen
515 877 531 886 en
536 873 546 885 ff
550 872 628 885 staafmixen.

106 926 184 939 Doorgeven

131 948 136 953 «

156 943 189 954 Saus

131 967 136 972 .

156 961 218 973 Groenten
225 962 235 971 in
240 958 257 970 de
262 959 294 969 oven
299 956 340 968 zetten
346 954 353 967 8
359 954 412 966 minuten
417 955 433 964 en
439 954 455 963 nu
460 951 476 963 de
481 953 489 965 ge

490 948 536 965 jegrilde
541 947 585 962 biefjes
591 946 601 958 in
607 946 624 958 de
629 947 662 957 oven
667 944 709 956 zetten
715 942 735 954 5/6

156 979 179 991 min.

156 998 219 1010 Groenten
224 997 261 1007 warm
275 996 305 1006 over

309 993 326 1005 de
331 992 377 1004 borden
383 990 441 1002 verdelen
446 991 457 1001 in
462 990 487 1000 een
493 987 530 1002 platte
535 988 559 1000 ring

157 1017 201 1031 Hierop
206 1016 222 1027 de
228 1014 252 1026 bief
257 1014 306 1028 leggen,
312 1012 337 1024 hier
342 1013 371 1023 over
380 1012 404 1022 een
410 1008 441 1024 lepel
447 1010 478 1020 saus
484 1006 550 1021 scheppen

162 1035 248 1047 Debrasseren

132 1003 138 1066 oooo

158 1055 180 1066 Eet
185 1052 247 1067 smakelijk

100 1166 158 1178 kookstudio
162 1168 188 1176 meet
192 1169 198 1175 +
203 1167 219 1176 cat

243 1165 272 1177 Lwim
276 1165 311 1179 wolf}

339 1165 407 1177 fobriekstraat
411 1167 425 1178 69

454 1167 489 1180 [5051
496 1167 522 1180 HN}

550 1166 582 1182 geire

610 1167 620 1180 Lt.
629 1167 643 1178 06
649 1167 662 1178 22
668 1167 682 1178 55
688 1167 699 1177 11
707 1166 728 1180 38]
