842 1200
324 62 418 84 Oktober
426 60 481 81 2023

257 115 369 144 Kwartel
383 137 386 145 ,
399 111 483 141 witlof,
497 107 563 135 druif

353 190 470 212 Voorgerecht

298 256 391 275 Ingrediënten
397 256 429 267 voor
436 252 452 265 10
459 252 508 268 person

530 269 570 280 resin

87 261 149 297 an

333 277 400 290 Garnituur,

563 287 574 296 m
580 283 621 298 rijsten
627 281 657 294 azijn

334 296 341 308 5
347 294 408 309 stronkjes
413 291 448 304 witlof

519 287 535 299 50
540 288 562 301 grat

631 296 668 311 us,50
673 297 707 310 gram

735 301 736 305 |

89 298 90 310 |
99 304 115 316 10
120 301 178 315 kwartels

326 315 327 329 |
335 314 351 326 10
356 313 403 328 plakjes
408 310 440 326 spek

519 305 535 317 50
540 305 575 319 gram
581 303 608 316 soja
614 302 629 311 sa

90 315 91 330 |
100 323 144 337 peper,
150 320 180 332 zout
185 318 233 334 olijfolie

519 321 603 335 zonnebloem
609 318 635 330 olie,
642 316 682 331 peper

101 341 106 353 4
114 340 151 355 bakje
155 338 185 351 fond
191 337 208 350 du
213 336 243 349 chef
249 336 254 348 1
261 335 298 350 bakje

326 332 327 337 |
335 333 343 345 2
348 331 393 347 appels

101 360 139 371 water

335 351 352 362 40
357 350 407 362 druiven

337 369 344 381 2
350 367 413 382 courgette

338 388 381 401 Peper,
387 385 415 397 zout

340 420 356 421 En

98 452 178 467 Werkwijze:

100 488 167 502 kwartels;

127 513 133 518 .

153 507 171 519 De
177 504 233 518 kwartels
243 504 259 515 uit
264 502 305 514 elkaar
310 499 328 512 sn

329 499 357 514 ijden

153 526 180 538 Dus
186 525 235 540 pootjes
240 525 248 534 ef

249 521 267 533 raf
271 520 320 535 dijbeen
325 517 354 530 eruit
359 516 400 528 draaie

401 517 408 526 ‚n
414 516 424 525 in
430 514 461 524 mooi
467 510 530 522 invouwen.

327 537 338 548 jel
343 537 381 548 eraan
387 534 418 545 laten
423 532 459 543 zitten,

154 545 190 557 Borst
194 543 230 555 (filets
235 540 262 553 eraf
267 539 314 554 snijden
319 540 326 548 v

332 558 348 567 ‘en
353 554 398 566 zouten
403 554 419 563 en
424 550 449 562 met
454 548 499 563 olijfolie
504 547 544 558 insmef

545 546 566 556 ren.

155 563 190 576 Borst
195 565 211 574 en
217 561 266 576 pootjes
272 559 326 573 peperen

618 560 620 571 |
626 557 699 570 omdraaien.
709 554 739 569 (dan

128 532 135 595 ee

156 583 211 597 Borstjes
216 583 227 592 in
232 581 257 591 een
263 578 292 590 hete
297 578 322 591 pan
327 577 334 586 0

335 577 342 589 p
348 574 364 585 de
369 571 416 584 velkant
422 568 470 581 krokant
475 566 523 578 bakken
529 566 545 575 en
550 563 565 574 let
571 564 587 576 op
593 561 598 572 1
605 561 617 571 tel

156 604 172 615 op
177 602 202 612 een
208 598 241 612 rekje
246 597 291 610 leggen

292 594 296 609 )

192 621 208 630 jes
213 620 224 629 in
229 614 287 628 dezelfde

292 613 321 624 hete
326 613 350 626 pan
355 609 364 621 ff
369 608 408 620 bakker

409 608 437 618 en
442 605 467 616 dan
472 606 483 615 in
488 601 545 615 steelpan
550 599 595 613 leggen

157 619 190 633 Poot

398 626 435 637 water
440 626 464 635 een
469 622 500 636 takje
505 621 532 635 tijm

534 618 546 631 of
551 616 611 630 calvados

157 638 208 652 Pootjes
213 635 242 648 verd

243 637 257 646 jer
262 634 300 648 garen
305 631 330 642 met
334 628 363 641 fond
370 638 371 641 ‚
377 630 393 639 en

107 676 179 692 garnituur;

133 699 138 705 «

225 687 304 702 doorsnijden
309 687 325 697 en
330 684 351 696 het
356 684 394 697 groen
399 682 422 692 van

427 678 444 691 de
453 675 516 691 courgette
521 677 531 686 in
537 674 587 687 reepjes
592 669 641 684 snijden.

158 694 211 706 Druiven

288 705 312 717 met
317 702 346 715 schil
352 702 363 713 in
367 700 419 716 julienne
425 696 472 712 snijden,

158 711 197 724 Witlof
202 712 218 722 en
223 709 240 721 de
245 706 282 722 appel

409 718 420 729 ut
425 716 466 730 beetje
471 714 494 726 olie.

159 731 177 743 Dit
182 733 199 744 op
204 727 249 740 smaak
254 726 284 737 bren:

285 726 310 739 ‚gen
315 722 340 734 met
345 722 383 735 peper
389 721 407 732 0

536 729 553 741 de
558 730 590 740 oven
596 729 612 741 op
618 725 643 738 130
648 724 696 740 graden

133 718 140 762 Ë

159 749 194 764 Spek
199 750 210 760 in
216 747 223 759 3
229 745 281 758 stukken
287 741 334 757 snijden
339 743 347 751 e

348 742 355 751 ‚n
360 740 404 750 tussen
410 735 433 748 bak
439 734 463 746 mat
468 733 514 747 drogen
520 733 531 742 in

109 788 141 803 ‘Soja
146 784 224 799 vinaigrette
230 785 233 793 :

560 786 580 796 ‚em
586 782 609 794 olie
615 782 677 796 oproeren
682 781 699 790 en
704 780 721 792 op

135 811 141 817 .

161 805 177 817 50
182 806 195 819 or
201 802 224 818 rijst
229 800 260 815 azijn

265 798 290 811 met
295 797 312 809 de
317 795 333 808 50
338 797 351 810 gr
356 794 415 808 sojasaus
420 793 436 802 en
441 789 458 801 de
463 788 493 802 50gr
497 784 559 799 zonnebloë

161 821 206 835 smaak
211 820 267 833 brengen
273 817 312 832 peper.

316 813 338 828 en(
342 811 379 826 zout).

112 861 195 875 Doorgeven:

353 867 370 879 de
375 865 419 878 salade
424 867 435 876 in
440 865 465 875 een
470 861 511 873 steker.

138 884 143 889 «

163 878 181 890 De
186 876 234 889 borden

239 874 255 886 uit
260 872 301 884 zetten
307 870 348 883 hierop

356 886 381 898 den
387 888 397 897 in
402 884 419 896 de
424 885 456 895 oven
461 881 477 893 let
482 883 498 895 op
503 879 519 891 de
524 876 583 893 gaarheid
590 877 610 890 ‚po

611 874 643 889 otjes
649 875 659 884 in
665 872 681 883 de
685 873 706 886 jus

138 902 144 908 .

163 896 218 910 Borstjes
223 893 299 905 verwarmen
305 888 329 901 110
334 890 355 902 grat

163 914 243 926 verwarmen.

164 933 192 945 Hier
196 933 241 944 tussen
246 929 263 941 de
268 927 321 941 borstjes

326 925 342 937 de
348 923 396 939 pootjes
402 924 418 933 en
423 920 439 932 de
444 918 476 933 spek
481 916 525 929 steken

361 942 377 954 ‘de
382 940 410 956 soja
415 939 472 952 dressing
477 939 494 949 en
498 935 515 948 de
519 937 531 950 ju

532 937 539 946 s
544 935 574 945 over
579 931 595 944 de
600 929 646 943 salade
651 927 721 942 scheppen.

165 952 229 964 Garneren
234 949 260 960 met
264 947 281 959 de
286 945 335 960 druifjes
340 946 356 955 en

166 970 253 983 Debrasseren.

140 977 146 1001 ee
139 939 145 964 ee

166 990 188 1002 Eet
193 986 256 1001 smakelijk

108 1167 166 1179 kookstudio
171 1168 196 1176 meet
201 1169 207 1174 +
212 1167 228 1175 eat

252 1164 280 1176 Lim
285 1163 320 1177 vols]

348 1163 416 1175 fobrieksiroat
420 1164 435 1175 69

463 1163 498 1177 [5051
505 1162 531 1176 HN}

559 1161 591 1177 gole

619 1158 737 1175 [1-06
658 1150 672 1181 22
677 1150 690 1181 55
697 1150 711 1181 11
715 1150 740 1181 38]
